@webpage{agroscope,
	Date-Added = {2015-05-18 15:04:26 +0000},
	Date-Modified = {2015-05-18 15:04:26 +0000},
	Key = {agroscope},
	Lastchecked = {2015-05-18},
	Title = {{Donn{\'e}es m{\'e}t{\'e}orologiques | Agrometeo, Project Website}},
	howpublished = "\url{http://www.agrometeo.ch/fr/meteorology/datas}"}

@webpage{json,
	Date-Added = {2015-05-18 18:08:26 +0000},
	Date-Modified = {2015-05-18 18:08:27 +0000},
	Key = {json},
	Lastchecked = {2015-05-18},
	Title = {{JSON, Project Website}},
	howpublished = "\url{http://www.json.org/}"}

@phdthesis{Fielding2000,
	Author = {Fielding, Roy},
	Keywords = {REST},
	School = {University of California, Irvine},
	Title = {Architectural Styles and the Design of Network-based Software Architectures},
	Year = {2000}}

@webpage{es_agg,
	Date-Added = {2015-05-18 18:14:05 +0000},
	Date-Modified = {2015-05-18 18:14:05 +0000},
	Key = {es_agg},
	Lastchecked = {2015-05-18},
	Title = {{ElasticSearch, Extended Stats Aggregation, Project Website}},
	howpublished = "\url{https://www.elastic.co/guide/en/elasticsearch/reference/1.x/search-aggregations-metrics-extendedstats-aggregation.html}"}
	
@webpage{angular,
	Date-Added = {2015-05-18 18:14:05 +0000},
	Date-Modified = {2015-05-18 18:14:05 +0000},
	Key = {angular},
	Lastchecked = {2015-05-18},
	Title = {{AngularJS Javascript Framework Project Website}},
	howpublished = "\url{https://angularjs.org}"}
	
@webpage{n3,
	Date-Added = {2015-05-18 18:14:05 +0000},
	Date-Modified = {2015-05-18 18:14:05 +0000},
	Key = {n3},
	Lastchecked = {2015-05-18},
	Title = {{n3 line charts Javascript library Project Website}},
	howpublished = "\url{http://n3-charts.github.io/line-chart/#/}"}	
	
@webpage{es_javascript,
	Date-Added = {2015-05-18 18:14:05 +0000},
	Date-Modified = {2015-05-18 18:14:05 +0000},
	Key = {es_javascript},
	Lastchecked = {2015-05-18},
	Title = {{ElasticSearch Javascript Library Project Website}},
	howpublished = "\url{https://www.elastic.co/guide/en/elasticsearch/client/javascript-api/current/api-reference.html}"}	
	
@webpage{jquery,
	Date-Added = {2015-05-18 18:14:05 +0000},
	Date-Modified = {2015-05-18 18:14:05 +0000},
	Key = {jquery},
	Lastchecked = {2015-05-18},
	Title = {{jQuery Javascript library Project Website}},
	howpublished = "\url{http://jquery.com}"}	
	
@webpage{moment,
	Date-Added = {2015-05-18 18:14:05 +0000},
	Date-Modified = {2015-05-18 18:14:05 +0000},
	Key = {moment},
	Lastchecked = {2015-05-18},
	Title = {{Moment Javascript library, date manipulation Project Website}},
	howpublished = "\url{http://momentjs.com}"}	